<?xml version="1.0" encoding="UTF-8"?><record xmlns="http://www.loc.gov/MARC21/slim" xmlns:cinclude="http://apache.org/cocoon/include/1.0" xmlns:zs="http://www.loc.gov/zing/srw/">
  <leader>00513cz  a2200121n  4500</leader>
  <controlfield tag="001">n 2004099339</controlfield>
  <controlfield tag="003">DLC</controlfield>
  <controlfield tag="005">20040506134827.0</controlfield>
  <controlfield tag="008">040506n| acannaabn          |n ana      </controlfield>
  <datafield tag="010" ind1=" " ind2=" ">
    <subfield code="a">n 2004099339</subfield>
  </datafield>
  <datafield tag="040" ind1=" " ind2=" ">
    <subfield code="a">DLC</subfield>
    <subfield code="b">eng</subfield>
    <subfield code="c">DLC</subfield>
    <subfield code="d">DLC</subfield>
  </datafield>
  <datafield tag="110" ind1="2" ind2=" ">
    <subfield code="a">Vereniging voor Belastingwetenschap.</subfield>
    <subfield code="b">Commissie Preadvies Vestigingsplaatsficties</subfield>
  </datafield>
  <datafield tag="670" ind1=" " ind2=" ">
    <subfield code="a">De vestigingsplaatsficties in de IB, de Vpb en de dividendbelasting, 2002:</subfield>
    <subfield code="b">t.p. (Commissie Preadvies Vestigingsplaatsficties) p. 1 (est in 2001 by Vereniging voor Belastingswetenschap)</subfield>
  </datafield>
</record>